<record><leader>00000cas a22000007a 4500</leader><controlfield tag="001">11912601</controlfield><controlfield tag="008">850412d19111940paucr ne      0    0eng d</controlfield><datafield ind1=" " ind2=" " tag="010"><subfield code="a">sn 85054903 </subfield></datafield><datafield ind1=" " ind2=" " tag="040"><subfield code="a">NPH</subfield><subfield code="b">eng</subfield><subfield code="c">NPH</subfield><subfield code="d">DLC</subfield><subfield code="d">OCL</subfield><subfield code="d">NSD</subfield><subfield code="d">UPM</subfield><subfield code="d">OCLCF</subfield></datafield><datafield ind1=" " ind2=" " tag="042"><subfield code="a">msc</subfield></datafield><datafield ind1="0" ind2="0" tag="245"><subfield code="a">Penn State collegian.</subfield></datafield><datafield ind1=" " ind2=" " tag="260"><subfield code="a">State College, Pa. :</subfield><subfield code="b">Pennsylvania State College,</subfield><subfield code="c">1911-1940.</subfield></datafield><datafield ind1=" " ind2=" " tag="300"><subfield code="a">29 v. ;</subfield><subfield code="c">50 cm.</subfield></datafield><datafield ind1=" " ind2=" " tag="310"><subfield code="a">Semiweekly during the college year,</subfield><subfield code="b">Sept, 14, 1920-May 30, 1940</subfield></datafield><datafield ind1=" " ind2=" " tag="321"><subfield code="a">Weekly during the college year,</subfield><subfield code="b">1911-June 9, 1920</subfield></datafield><datafield ind1=" " ind2=" " tag="336"><subfield code="a">text</subfield><subfield code="b">txt</subfield><subfield code="2">rdacontent</subfield></datafield><datafield ind1=" " ind2=" " tag="337"><subfield code="a">unmediated</subfield><subfield code="b">n</subfield><subfield code="2">rdamedia</subfield></datafield><datafield ind1=" " ind2=" " tag="338"><subfield code="a">volume</subfield><subfield code="b">nc</subfield><subfield code="2">rdacarrier</subfield></datafield><datafield ind1="0" ind2=" " tag="362"><subfield code="a">Vol. 8, no. 1 (Sept. 28, 1911)-v. 36, no. 65 (May 30, 1940).</subfield></datafield><datafield ind1=" " ind2=" " tag="550"><subfield code="a">Published during the college year by the students of The Pennsylvania State College.</subfield></datafield><datafield ind1="2" ind2="0" tag="610"><subfield code="a">Pennsylvania State College</subfield><subfield code="x">Students</subfield><subfield code="v">Newspapers.</subfield></datafield><datafield ind1=" " ind2="0" tag="650"><subfield code="a">College student newspapers and periodicals</subfield><subfield code="z">Pennsylvania</subfield><subfield code="v">Newspapers.</subfield></datafield><datafield ind1=" " ind2="7" tag="655"><subfield code="a">Newspapers.</subfield><subfield code="2">fast</subfield><subfield code="0">(OCoLC)fst01423814</subfield></datafield><datafield ind1="2" ind2="7" tag="610"><subfield code="a">Pennsylvania State College (Corporate Name)</subfield><subfield code="2">fast</subfield><subfield code="0">(OCoLC)fst01710741</subfield></datafield><datafield ind1=" " ind2="7" tag="650"><subfield code="a">College student newspapers and periodicals.</subfield><subfield code="2">fast</subfield><subfield code="0">(OCoLC)fst00867966</subfield></datafield><datafield ind1=" " ind2="7" tag="650"><subfield code="a">Students.</subfield><subfield code="2">fast</subfield><subfield code="0">(OCoLC)fst01136041</subfield></datafield><datafield ind1=" " ind2="7" tag="651"><subfield code="a">Pennsylvania.</subfield><subfield code="2">fast</subfield><subfield code="0">(OCoLC)fst01204598</subfield></datafield><datafield ind1=" " ind2=" " tag="752"><subfield code="a">United States</subfield><subfield code="b">Pennsylvania</subfield><subfield code="c">Centre</subfield><subfield code="d">State College.</subfield></datafield><datafield ind1="0" ind2="0" tag="780"><subfield code="t">State collegian</subfield><subfield code="w">(DLC)sn 85054902</subfield><subfield code="w">(OCoLC)11912609</subfield></datafield><datafield ind1="0" ind2="0" tag="785"><subfield code="t">Daily collegian</subfield><subfield code="x">1099-1875</subfield><subfield code="w">(DLC)sn 85054904</subfield><subfield code="w">(OCoLC)11912621</subfield></datafield></record>